<?xml version="1.0" encoding="UTF-8" standalone="yes"?>
<Document xmlns="urn:iso:std:iso:20022:tech:xsd:camt.054.001.02">
	<BkToCstmrDbtCdtNtfctn>
		<GrpHdr>
			<MsgId>SWEDSESSDEBT202510240030498207</MsgId>
			<CreDtTm>2025-10-24T12:26:02.994400</CreDtTm>
			<MsgRcpt>
				<Id>
					<OrgId>
						<Othr>
							<Id>065590542774R001</Id>
							<SchmeNm>
								<Cd>BANK</Cd>
							</SchmeNm>
						</Othr>
					</OrgId>
				</Id>
			</MsgRcpt>
			<AddtlInf>DEBT</AddtlInf>
		</GrpHdr>
		<Ntfctn>
			<Id>SWEDSESSDEBT20251024003049820700001</Id>
			<CreDtTm>2025-10-24T12:26:02.994400</CreDtTm>
			<Acct>
				<Id>
					<Othr>
						<Id>821499641461919</Id>
						<SchmeNm>
							<Cd>BBAN</Cd>
						</SchmeNm>
					</Othr>
				</Id>
				<Ccy>SEK</Ccy>
				<Ownr>
					<Nm>TESTFORETAG AB</Nm>
					<Id>
						<OrgId>
							<Othr>
								<Id>065590542774</Id>
								<SchmeNm>
									<Cd>BANK</Cd>
								</SchmeNm>
							</Othr>
						</OrgId>
					</Id>
				</Ownr>
				<Svcr>
					<FinInstnId>
						<BIC>SWEDSESS</BIC>
					</FinInstnId>
				</Svcr>
			</Acct>
			<TxsSummry>
				<TtlNtries>
					<NbOfNtries>1</NbOfNtries>
					<Sum>407221.37000</Sum>
				</TtlNtries>
			</TxsSummry>
			<Ntry>
				<Amt Ccy="SEK">407221.37</Amt>
				<CdtDbtInd>DBIT</CdtDbtInd>
				<Sts>BOOK</Sts>
				<BookgDt>
					<Dt>2025-10-24</Dt>
				</BookgDt>
				<AcctSvcrRef>2025102467644775</AcctSvcrRef>
				<BkTxCd>
					<Domn>
						<Cd>PMNT</Cd>
						<Fmly>
							<Cd>NTAV</Cd>
							<SubFmlyCd>NTAV</SubFmlyCd>
						</Fmly>
					</Domn>
				</BkTxCd>
				<NtryDtls>
					<TxDtls>
						<Refs>
							<MsgId>d2027c9eb14d4b0d86cd41d5a8e30351</MsgId>
							<AcctSvcrRef>202510246764477500000001</AcctSvcrRef>
							<PmtInfId>12317632</PmtInfId>
							<EndToEndId>12317649,20479124,1</EndToEndId>
						</Refs>
						<AmtDtls>
							<TxAmt>
								<Amt Ccy="SEK">10800.00</Amt>
							</TxAmt>
						</AmtDtls>
						<RltdPties>
							<DbtrAcct>
								<Id>
									<Othr>
										<Id>51833622</Id>
										<SchmeNm>
											<Prtry>BGNR</Prtry>
										</SchmeNm>
									</Othr>
								</Id>
							</DbtrAcct>
							<Cdtr>
								<Nm>Niklasgren AB</Nm>
								<PstlAdr>
									<Ctry>SE</Ctry>
								</PstlAdr>
							</Cdtr>
							<CdtrAcct>
								<Id>
									<Othr>
										<Id>1269695</Id>
										<SchmeNm>
											<Prtry>BGNR</Prtry>
										</SchmeNm>
									</Othr>
								</Id>
							</CdtrAcct>
						</RltdPties>
						<RltdAgts>
							<DbtrAgt>
								<FinInstnId>
									<BIC>SWEDSESS</BIC>
								</FinInstnId>
							</DbtrAgt>
							<CdtrAgt>
								<FinInstnId>
									<ClrSysMmbId>
										<ClrSysId>
											<Cd>SESBA</Cd>
										</ClrSysId>
										<MmbId>9900</MmbId>
									</ClrSysMmbId>
								</FinInstnId>
							</CdtrAgt>
						</RltdAgts>
						<RmtInf>
							<Strd xmlns:xsi="http://www.w3.org/2001/XMLSchema-instance">
								<RfrdDocInf>
									<Tp>
										<CdOrPrtry>
											<Cd>CINV</Cd>
										</CdOrPrtry>
									</Tp>
									<Nb>10018</Nb>
								</RfrdDocInf>
								<RfrdDocAmt>
									<RmtdAmt Ccy="SEK">10800.00</RmtdAmt>
								</RfrdDocAmt>
							</Strd>
						</RmtInf>
					</TxDtls>
				</NtryDtls>
				<NtryDtls>
					<TxDtls>
						<Refs>
							<MsgId>d2027c9eb14d4b0d86cd41d5a8e30351</MsgId>
							<AcctSvcrRef>202510246764477500000002</AcctSvcrRef>
							<PmtInfId>12317632</PmtInfId>
							<EndToEndId>12317650,20479124,1</EndToEndId>
						</Refs>
						<AmtDtls>
							<TxAmt>
								<Amt Ccy="SEK">9500.00</Amt>
							</TxAmt>
						</AmtDtls>
						<RltdPties>
							<DbtrAcct>
								<Id>
									<Othr>
										<Id>51833622</Id>
										<SchmeNm>
											<Prtry>BGNR</Prtry>
										</SchmeNm>
									</Othr>
								</Id>
							</DbtrAcct>
							<Cdtr>
								<Nm>Niklasgren AB</Nm>
								<PstlAdr>
									<Ctry>SE</Ctry>
								</PstlAdr>
							</Cdtr>
							<CdtrAcct>
								<Id>
									<Othr>
										<Id>1269695</Id>
										<SchmeNm>
											<Prtry>BGNR</Prtry>
										</SchmeNm>
									</Othr>
								</Id>
							</CdtrAcct>
						</RltdPties>
						<RltdAgts>
							<DbtrAgt>
								<FinInstnId>
									<BIC>SWEDSESS</BIC>
								</FinInstnId>
							</DbtrAgt>
							<CdtrAgt>
								<FinInstnId>
									<ClrSysMmbId>
										<ClrSysId>
											<Cd>SESBA</Cd>
										</ClrSysId>
										<MmbId>9900</MmbId>
									</ClrSysMmbId>
								</FinInstnId>
							</CdtrAgt>
						</RltdAgts>
						<RmtInf>
							<Strd xmlns:xsi="http://www.w3.org/2001/XMLSchema-instance">
								<RfrdDocInf>
									<Tp>
										<CdOrPrtry>
											<Cd>CINV</Cd>
										</CdOrPrtry>
									</Tp>
									<Nb>10019</Nb>
								</RfrdDocInf>
								<RfrdDocAmt>
									<RmtdAmt Ccy="SEK">9500.00</RmtdAmt>
								</RfrdDocAmt>
							</Strd>
						</RmtInf>
					</TxDtls>
				</NtryDtls>
				<NtryDtls>
					<TxDtls>
						<Refs>
							<MsgId>d2027c9eb14d4b0d86cd41d5a8e30351</MsgId>
							<AcctSvcrRef>202510246764477500000003</AcctSvcrRef>
							<PmtInfId>12317632</PmtInfId>
							<EndToEndId>12317640,20479124,1</EndToEndId>
						</Refs>
						<AmtDtls>
							<TxAmt>
								<Amt Ccy="SEK">3951.00</Amt>
							</TxAmt>
						</AmtDtls>
						<RltdPties>
							<DbtrAcct>
								<Id>
									<Othr>
										<Id>51833622</Id>
										<SchmeNm>
											<Prtry>BGNR</Prtry>
										</SchmeNm>
									</Othr>
								</Id>
							</DbtrAcct>
							<Cdtr>
								<Nm>Nilsdahl AB</Nm>
								<PstlAdr>
									<Ctry>SE</Ctry>
								</PstlAdr>
							</Cdtr>
							<CdtrAcct>
								<Id>
									<Othr>
										<Id>1651371</Id>
										<SchmeNm>
											<Prtry>BGNR</Prtry>
										</SchmeNm>
									</Othr>
								</Id>
							</CdtrAcct>
						</RltdPties>
						<RltdAgts>
							<DbtrAgt>
								<FinInstnId>
									<BIC>SWEDSESS</BIC>
								</FinInstnId>
							</DbtrAgt>
							<CdtrAgt>
								<FinInstnId>
									<ClrSysMmbId>
										<ClrSysId>
											<Cd>SESBA</Cd>
										</ClrSysId>
										<MmbId>9900</MmbId>
									</ClrSysMmbId>
								</FinInstnId>
							</CdtrAgt>
						</RltdAgts>
						<RmtInf>
							<Strd xmlns:xsi="http://www.w3.org/2001/XMLSchema-instance">
								<RfrdDocAmt>
									<RmtdAmt Ccy="SEK">3951.00</RmtdAmt>
								</RfrdDocAmt>
								<CdtrRefInf>
									<Tp>
										<CdOrPrtry>
											<Cd>SCOR</Cd>
										</CdOrPrtry>
									</Tp>
									<Ref>10009</Ref>
								</CdtrRefInf>
							</Strd>
						</RmtInf>
					</TxDtls>
				</NtryDtls>
				<NtryDtls>
					<TxDtls>
						<Refs>
							<MsgId>d2027c9eb14d4b0d86cd41d5a8e30351</MsgId>
							<AcctSvcrRef>202510246764477500000004</AcctSvcrRef>
							<PmtInfId>12317632</PmtInfId>
							<EndToEndId>12317667,20479124,1</EndToEndId>
						</Refs>
						<AmtDtls>
							<TxAmt>
								<Amt Ccy="SEK">1650.00</Amt>
							</TxAmt>
						</AmtDtls>
						<RltdPties>
							<DbtrAcct>
								<Id>
									<Othr>
										<Id>51833622</Id>
										<SchmeNm>
											<Prtry>BGNR</Prtry>
										</SchmeNm>
									</Othr>
								</Id>
							</DbtrAcct>
							<Cdtr>
								<Nm>Elsaqvist AB</Nm>
								<PstlAdr>
									<Ctry>SE</Ctry>
								</PstlAdr>
							</Cdtr>
							<CdtrAcct>
								<Id>
									<Othr>
										<Id>3388295</Id>
										<SchmeNm>
											<Prtry>BGNR</Prtry>
										</SchmeNm>
									</Othr>
								</Id>
							</CdtrAcct>
						</RltdPties>
						<RltdAgts>
							<DbtrAgt>
								<FinInstnId>
									<BIC>SWEDSESS</BIC>
								</FinInstnId>
							</DbtrAgt>
							<CdtrAgt>
								<FinInstnId>
									<ClrSysMmbId>
										<ClrSysId>
											<Cd>SESBA</Cd>
										</ClrSysId>
										<MmbId>9900</MmbId>
									</ClrSysMmbId>
								</FinInstnId>
							</CdtrAgt>
						</RltdAgts>
						<RmtInf>
							<Strd xmlns:xsi="http://www.w3.org/2001/XMLSchema-instance">
								<RfrdDocInf>
									<Tp>
										<CdOrPrtry>
											<Cd>CINV</Cd>
										</CdOrPrtry>
									</Tp>
									<Nb>10036</Nb>
								</RfrdDocInf>
								<RfrdDocAmt>
									<RmtdAmt Ccy="SEK">1650.00</RmtdAmt>
								</RfrdDocAmt>
							</Strd>
						</RmtInf>
					</TxDtls>
				</NtryDtls>
				<NtryDtls>
					<TxDtls>
						<Refs>
							<MsgId>d2027c9eb14d4b0d86cd41d5a8e30351</MsgId>
							<AcctSvcrRef>202510246764477500000005</AcctSvcrRef>
							<PmtInfId>12317632</PmtInfId>
							<EndToEndId>12317641,20479124,4</EndToEndId>
						</Refs>
						<AmtDtls>
							<TxAmt>
								<Amt Ccy="SEK">75338.00</Amt>
							</TxAmt>
						</AmtDtls>
						<RltdPties>
							<DbtrAcct>
								<Id>
									<Othr>
										<Id>51833622</Id>
										<SchmeNm>
											<Prtry>BGNR</Prtry>
										</SchmeNm>
									</Othr>
								</Id>
							</DbtrAcct>
							<Cdtr>
								<Nm>Ebbaur AB</Nm>
								<PstlAdr>
									<Ctry>SE</Ctry>
								</PstlAdr>
							</Cdtr>
							<CdtrAcct>
								<Id>
									<Othr>
										<Id>3611191</Id>
										<SchmeNm>
											<Prtry>BGNR</Prtry>
										</SchmeNm>
									</Othr>
								</Id>
							</CdtrAcct>
						</RltdPties>
						<RltdAgts>
							<DbtrAgt>
								<FinInstnId>
									<BIC>SWEDSESS</BIC>
								</FinInstnId>
							</DbtrAgt>
							<CdtrAgt>
								<FinInstnId>
									<ClrSysMmbId>
										<ClrSysId>
											<Cd>SESBA</Cd>
										</ClrSysId>
										<MmbId>9900</MmbId>
									</ClrSysMmbId>
								</FinInstnId>
							</CdtrAgt>
						</RltdAgts>
						<RmtInf>
							<Strd xmlns:xsi="http://www.w3.org/2001/XMLSchema-instance">
								<RfrdDocInf>
									<Tp>
										<CdOrPrtry>
											<Cd>CINV</Cd>
										</CdOrPrtry>
									</Tp>
									<Nb>10010</Nb>
								</RfrdDocInf>
								<RfrdDocAmt>
									<RmtdAmt Ccy="SEK">17000.00</RmtdAmt>
								</RfrdDocAmt>
							</Strd>
							<Strd xmlns:xsi="http://www.w3.org/2001/XMLSchema-instance">
								<RfrdDocInf>
									<Tp>
										<CdOrPrtry>
											<Cd>CINV</Cd>
										</CdOrPrtry>
									</Tp>
									<Nb>10011</Nb>
								</RfrdDocInf>
								<RfrdDocAmt>
									<RmtdAmt Ccy="SEK">19458.00</RmtdAmt>
								</RfrdDocAmt>
							</Strd>
							<Strd xmlns:xsi="http://www.w3.org/2001/XMLSchema-instance">
								<RfrdDocInf>
									<Tp>
										<CdOrPrtry>
											<Cd>CREN</Cd>
										</CdOrPrtry>
									</Tp>
									<Nb>10016</Nb>
								</RfrdDocInf>
								<RfrdDocAmt>
									<CdtNoteAmt Ccy="SEK">5685.00</CdtNoteAmt>
								</RfrdDocAmt>
							</Strd>
							<Strd xmlns:xsi="http://www.w3.org/2001/XMLSchema-instance">
								<RfrdDocInf>
									<Tp>
										<CdOrPrtry>
											<Cd>CINV</Cd>
										</CdOrPrtry>
									</Tp>
									<Nb>10030</Nb>
								</RfrdDocInf>
								<RfrdDocAmt>
									<RmtdAmt Ccy="SEK">44565.00</RmtdAmt>
								</RfrdDocAmt>
							</Strd>
						</RmtInf>
					</TxDtls>
				</NtryDtls>
				<NtryDtls>
					<TxDtls>
						<Refs>
							<MsgId>d2027c9eb14d4b0d86cd41d5a8e30351</MsgId>
							<AcctSvcrRef>202510246764477500000006</AcctSvcrRef>
							<PmtInfId>12317632</PmtInfId>
							<EndToEndId>12317656,20479124,1</EndToEndId>
						</Refs>
						<AmtDtls>
							<TxAmt>
								<Amt Ccy="SEK">58641.00</Amt>
							</TxAmt>
						</AmtDtls>
						<RltdPties>
							<DbtrAcct>
								<Id>
									<Othr>
										<Id>51833622</Id>
										<SchmeNm>
											<Prtry>BGNR</Prtry>
										</SchmeNm>
									</Othr>
								</Id>
							</DbtrAcct>
							<Cdtr>
								<Nm>Filippagren AB</Nm>
								<PstlAdr>
									<Ctry>SE</Ctry>
								</PstlAdr>
							</Cdtr>
							<CdtrAcct>
								<Id>
									<Othr>
										<Id>5434246</Id>
										<SchmeNm>
											<Prtry>BGNR</Prtry>
										</SchmeNm>
									</Othr>
								</Id>
							</CdtrAcct>
						</RltdPties>
						<RltdAgts>
							<DbtrAgt>
								<FinInstnId>
									<BIC>SWEDSESS</BIC>
								</FinInstnId>
							</DbtrAgt>
							<CdtrAgt>
								<FinInstnId>
									<ClrSysMmbId>
										<ClrSysId>
											<Cd>SESBA</Cd>
										</ClrSysId>
										<MmbId>9900</MmbId>
									</ClrSysMmbId>
								</FinInstnId>
							</CdtrAgt>
						</RltdAgts>
						<RmtInf>
							<Strd xmlns:xsi="http://www.w3.org/2001/XMLSchema-instance">
								<RfrdDocInf>
									<Tp>
										<CdOrPrtry>
											<Cd>CINV</Cd>
										</CdOrPrtry>
									</Tp>
									<Nb>10025</Nb>
								</RfrdDocInf>
								<RfrdDocAmt>
									<RmtdAmt Ccy="SEK">58641.00</RmtdAmt>
								</RfrdDocAmt>
							</Strd>
						</RmtInf>
					</TxDtls>
				</NtryDtls>
				<NtryDtls>
					<TxDtls>
						<Refs>
							<MsgId>d2027c9eb14d4b0d86cd41d5a8e30351</MsgId>
							<AcctSvcrRef>202510246764477500000007</AcctSvcrRef>
							<PmtInfId>12317632</PmtInfId>
							<EndToEndId>12317657,20479124,1</EndToEndId>
						</Refs>
						<AmtDtls>
							<TxAmt>
								<Amt Ccy="SEK">3066.00</Amt>
							</TxAmt>
						</AmtDtls>
						<RltdPties>
							<DbtrAcct>
								<Id>
									<Othr>
										<Id>51833622</Id>
										<SchmeNm>
											<Prtry>BGNR</Prtry>
										</SchmeNm>
									</Othr>
								</Id>
							</DbtrAcct>
							<Cdtr>
								<Nm>Isabellegren AB</Nm>
								<PstlAdr>
									<Ctry>SE</Ctry>
								</PstlAdr>
							</Cdtr>
							<CdtrAcct>
								<Id>
									<Othr>
										<Id>5769260</Id>
										<SchmeNm>
											<Prtry>BGNR</Prtry>
										</SchmeNm>
									</Othr>
								</Id>
							</CdtrAcct>
						</RltdPties>
						<RltdAgts>
							<DbtrAgt>
								<FinInstnId>
									<BIC>SWEDSESS</BIC>
								</FinInstnId>
							</DbtrAgt>
							<CdtrAgt>
								<FinInstnId>
									<ClrSysMmbId>
										<ClrSysId>
											<Cd>SESBA</Cd>
										</ClrSysId>
										<MmbId>9900</MmbId>
									</ClrSysMmbId>
								</FinInstnId>
							</CdtrAgt>
						</RltdAgts>
						<RmtInf>
							<Strd xmlns:xsi="http://www.w3.org/2001/XMLSchema-instance">
								<RfrdDocInf>
									<Tp>
										<CdOrPrtry>
											<Cd>CINV</Cd>
										</CdOrPrtry>
									</Tp>
									<Nb>10026</Nb>
								</RfrdDocInf>
								<RfrdDocAmt>
									<RmtdAmt Ccy="SEK">3066.00</RmtdAmt>
								</RfrdDocAmt>
							</Strd>
						</RmtInf>
					</TxDtls>
				</NtryDtls>
				<NtryDtls>
					<TxDtls>
						<Refs>
							<MsgId>d2027c9eb14d4b0d86cd41d5a8e30351</MsgId>
							<AcctSvcrRef>202510246764477500000008</AcctSvcrRef>
							<PmtInfId>12317632</PmtInfId>
							<EndToEndId>12317658,20479124,1</EndToEndId>
						</Refs>
						<AmtDtls>
							<TxAmt>
								<Amt Ccy="SEK">854.00</Amt>
							</TxAmt>
						</AmtDtls>
						<RltdPties>
							<DbtrAcct>
								<Id>
									<Othr>
										<Id>51833622</Id>
										<SchmeNm>
											<Prtry>BGNR</Prtry>
										</SchmeNm>
									</Othr>
								</Id>
							</DbtrAcct>
							<Cdtr>
								<Nm>Isabellegren AB</Nm>
								<PstlAdr>
									<Ctry>SE</Ctry>
								</PstlAdr>
							</Cdtr>
							<CdtrAcct>
								<Id>
									<Othr>
										<Id>5769260</Id>
										<SchmeNm>
											<Prtry>BGNR</Prtry>
										</SchmeNm>
									</Othr>
								</Id>
							</CdtrAcct>
						</RltdPties>
						<RltdAgts>
							<DbtrAgt>
								<FinInstnId>
									<BIC>SWEDSESS</BIC>
								</FinInstnId>
							</DbtrAgt>
							<CdtrAgt>
								<FinInstnId>
									<ClrSysMmbId>
										<ClrSysId>
											<Cd>SESBA</Cd>
										</ClrSysId>
										<MmbId>9900</MmbId>
									</ClrSysMmbId>
								</FinInstnId>
							</CdtrAgt>
						</RltdAgts>
						<RmtInf>
							<Strd xmlns:xsi="http://www.w3.org/2001/XMLSchema-instance">
								<RfrdDocInf>
									<Tp>
										<CdOrPrtry>
											<Cd>CINV</Cd>
										</CdOrPrtry>
									</Tp>
									<Nb>10027</Nb>
								</RfrdDocInf>
								<RfrdDocAmt>
									<RmtdAmt Ccy="SEK">854.00</RmtdAmt>
								</RfrdDocAmt>
							</Strd>
						</RmtInf>
					</TxDtls>
				</NtryDtls>
				<NtryDtls>
					<TxDtls>
						<Refs>
							<MsgId>d2027c9eb14d4b0d86cd41d5a8e30351</MsgId>
							<AcctSvcrRef>202510246764477500000009</AcctSvcrRef>
							<PmtInfId>12317632</PmtInfId>
							<EndToEndId>12317659,20479124,1</EndToEndId>
						</Refs>
						<AmtDtls>
							<TxAmt>
								<Amt Ccy="SEK">1985.00</Amt>
							</TxAmt>
						</AmtDtls>
						<RltdPties>
							<DbtrAcct>
								<Id>
									<Othr>
										<Id>51833622</Id>
										<SchmeNm>
											<Prtry>BGNR</Prtry>
										</SchmeNm>
									</Othr>
								</Id>
							</DbtrAcct>
							<Cdtr>
								<Nm>Isabellegren AB</Nm>
								<PstlAdr>
									<Ctry>SE</Ctry>
								</PstlAdr>
							</Cdtr>
							<CdtrAcct>
								<Id>
									<Othr>
										<Id>5769260</Id>
										<SchmeNm>
											<Prtry>BGNR</Prtry>
										</SchmeNm>
									</Othr>
								</Id>
							</CdtrAcct>
						</RltdPties>
						<RltdAgts>
							<DbtrAgt>
								<FinInstnId>
									<BIC>SWEDSESS</BIC>
								</FinInstnId>
							</DbtrAgt>
							<CdtrAgt>
								<FinInstnId>
									<ClrSysMmbId>
										<ClrSysId>
											<Cd>SESBA</Cd>
										</ClrSysId>
										<MmbId>9900</MmbId>
									</ClrSysMmbId>
								</FinInstnId>
							</CdtrAgt>
						</RltdAgts>
						<RmtInf>
							<Strd xmlns:xsi="http://www.w3.org/2001/XMLSchema-instance">
								<RfrdDocInf>
									<Tp>
										<CdOrPrtry>
											<Cd>CINV</Cd>
										</CdOrPrtry>
									</Tp>
									<Nb>10028</Nb>
								</RfrdDocInf>
								<RfrdDocAmt>
									<RmtdAmt Ccy="SEK">1985.00</RmtdAmt>
								</RfrdDocAmt>
							</Strd>
						</RmtInf>
					</TxDtls>
				</NtryDtls>
				<NtryDtls>
					<TxDtls>
						<Refs>
							<MsgId>d2027c9eb14d4b0d86cd41d5a8e30351</MsgId>
							<AcctSvcrRef>202510246764477500000010</AcctSvcrRef>
							<PmtInfId>12317632</PmtInfId>
							<EndToEndId>12317664,20479124,1</EndToEndId>
						</Refs>
						<AmtDtls>
							<TxAmt>
								<Amt Ccy="SEK">751.62</Amt>
							</TxAmt>
						</AmtDtls>
						<RltdPties>
							<DbtrAcct>
								<Id>
									<Othr>
										<Id>51833622</Id>
										<SchmeNm>
											<Prtry>BGNR</Prtry>
										</SchmeNm>
									</Othr>
								</Id>
							</DbtrAcct>
							<Cdtr>
								<Nm>Sofiaqvist AB</Nm>
								<PstlAdr>
									<Ctry>SE</Ctry>
								</PstlAdr>
							</Cdtr>
							<CdtrAcct>
								<Id>
									<Othr>
										<Id>5819933</Id>
										<SchmeNm>
											<Prtry>BGNR</Prtry>
										</SchmeNm>
									</Othr>
								</Id>
							</CdtrAcct>
						</RltdPties>
						<RltdAgts>
							<DbtrAgt>
								<FinInstnId>
									<BIC>SWEDSESS</BIC>
								</FinInstnId>
							</DbtrAgt>
							<CdtrAgt>
								<FinInstnId>
									<ClrSysMmbId>
										<ClrSysId>
											<Cd>SESBA</Cd>
										</ClrSysId>
										<MmbId>9900</MmbId>
									</ClrSysMmbId>
								</FinInstnId>
							</CdtrAgt>
						</RltdAgts>
						<RmtInf>
							<Strd xmlns:xsi="http://www.w3.org/2001/XMLSchema-instance">
								<RfrdDocAmt>
									<RmtdAmt Ccy="SEK">751.62</RmtdAmt>
								</RfrdDocAmt>
								<CdtrRefInf>
									<Tp>
										<CdOrPrtry>
											<Cd>SCOR</Cd>
										</CdOrPrtry>
									</Tp>
									<Ref>10033</Ref>
								</CdtrRefInf>
							</Strd>
						</RmtInf>
					</TxDtls>
				</NtryDtls>
				<NtryDtls>
					<TxDtls>
						<Refs>
							<MsgId>d2027c9eb14d4b0d86cd41d5a8e30351</MsgId>
							<AcctSvcrRef>202510246764477500000011</AcctSvcrRef>
							<PmtInfId>12317632</PmtInfId>
							<EndToEndId>12317645,20479124,3</EndToEndId>
						</Refs>
						<AmtDtls>
							<TxAmt>
								<Amt Ccy="SEK">8495.00</Amt>
							</TxAmt>
						</AmtDtls>
						<RltdPties>
							<DbtrAcct>
								<Id>
									<Othr>
										<Id>51833622</Id>
										<SchmeNm>
											<Prtry>BGNR</Prtry>
										</SchmeNm>
									</Othr>
								</Id>
							</DbtrAcct>
							<Cdtr>
								<Nm>Annasdotter AB</Nm>
								<PstlAdr>
									<Ctry>SE</Ctry>
								</PstlAdr>
							</Cdtr>
							<CdtrAcct>
								<Id>
									<Othr>
										<Id>50207042</Id>
										<SchmeNm>
											<Prtry>BGNR</Prtry>
										</SchmeNm>
									</Othr>
								</Id>
							</CdtrAcct>
						</RltdPties>
						<RltdAgts>
							<DbtrAgt>
								<FinInstnId>
									<BIC>SWEDSESS</BIC>
								</FinInstnId>
							</DbtrAgt>
							<CdtrAgt>
								<FinInstnId>
									<ClrSysMmbId>
										<ClrSysId>
											<Cd>SESBA</Cd>
										</ClrSysId>
										<MmbId>9900</MmbId>
									</ClrSysMmbId>
								</FinInstnId>
							</CdtrAgt>
						</RltdAgts>
						<RmtInf>
							<Strd xmlns:xsi="http://www.w3.org/2001/XMLSchema-instance">
								<RfrdDocInf>
									<Tp>
										<CdOrPrtry>
											<Cd>CINV</Cd>
										</CdOrPrtry>
									</Tp>
									<Nb>10014</Nb>
								</RfrdDocInf>
								<RfrdDocAmt>
									<RmtdAmt Ccy="SEK">3895.00</RmtdAmt>
								</RfrdDocAmt>
							</Strd>
							<Strd xmlns:xsi="http://www.w3.org/2001/XMLSchema-instance">
								<RfrdDocInf>
									<Tp>
										<CdOrPrtry>
											<Cd>CINV</Cd>
										</CdOrPrtry>
									</Tp>
									<Nb>10023</Nb>
								</RfrdDocInf>
								<RfrdDocAmt>
									<RmtdAmt Ccy="SEK">5880.00</RmtdAmt>
								</RfrdDocAmt>
							</Strd>
							<Strd xmlns:xsi="http://www.w3.org/2001/XMLSchema-instance">
								<RfrdDocInf>
									<Tp>
										<CdOrPrtry>
											<Cd>CREN</Cd>
										</CdOrPrtry>
									</Tp>
									<Nb>10037</Nb>
								</RfrdDocInf>
								<RfrdDocAmt>
									<CdtNoteAmt Ccy="SEK">1280.00</CdtNoteAmt>
								</RfrdDocAmt>
							</Strd>
						</RmtInf>
					</TxDtls>
				</NtryDtls>
				<NtryDtls>
					<TxDtls>
						<Refs>
							<MsgId>d2027c9eb14d4b0d86cd41d5a8e30351</MsgId>
							<AcctSvcrRef>202510246764477500000012</AcctSvcrRef>
							<PmtInfId>12317632</PmtInfId>
							<EndToEndId>12317669,20479124,1</EndToEndId>
						</Refs>
						<AmtDtls>
							<TxAmt>
								<Amt Ccy="SEK">21329.00</Amt>
							</TxAmt>
						</AmtDtls>
						<RltdPties>
							<DbtrAcct>
								<Id>
									<Othr>
										<Id>51833622</Id>
										<SchmeNm>
											<Prtry>BGNR</Prtry>
										</SchmeNm>
									</Othr>
								</Id>
							</DbtrAcct>
							<Cdtr>
								<Nm>Paulinasdotter AB</Nm>
								<PstlAdr>
									<Ctry>SE</Ctry>
								</PstlAdr>
							</Cdtr>
							<CdtrAcct>
								<Id>
									<Othr>
										<Id>50505197</Id>
										<SchmeNm>
											<Prtry>BGNR</Prtry>
										</SchmeNm>
									</Othr>
								</Id>
							</CdtrAcct>
						</RltdPties>
						<RltdAgts>
							<DbtrAgt>
								<FinInstnId>
									<BIC>SWEDSESS</BIC>
								</FinInstnId>
							</DbtrAgt>
							<CdtrAgt>
								<FinInstnId>
									<ClrSysMmbId>
										<ClrSysId>
											<Cd>SESBA</Cd>
										</ClrSysId>
										<MmbId>9900</MmbId>
									</ClrSysMmbId>
								</FinInstnId>
							</CdtrAgt>
						</RltdAgts>
						<RmtInf>
							<Strd xmlns:xsi="http://www.w3.org/2001/XMLSchema-instance">
								<RfrdDocAmt>
									<RmtdAmt Ccy="SEK">21329.00</RmtdAmt>
								</RfrdDocAmt>
								<CdtrRefInf>
									<Tp>
										<CdOrPrtry>
											<Cd>SCOR</Cd>
										</CdOrPrtry>
									</Tp>
									<Ref>10038</Ref>
								</CdtrRefInf>
							</Strd>
						</RmtInf>
					</TxDtls>
				</NtryDtls>
				<NtryDtls>
					<TxDtls>
						<Refs>
							<MsgId>d2027c9eb14d4b0d86cd41d5a8e30351</MsgId>
							<AcctSvcrRef>202510246764477500000013</AcctSvcrRef>
							<PmtInfId>12317632</PmtInfId>
							<EndToEndId>12317651,20479124,1</EndToEndId>
						</Refs>
						<AmtDtls>
							<TxAmt>
								<Amt Ccy="SEK">775.00</Amt>
							</TxAmt>
						</AmtDtls>
						<RltdPties>
							<DbtrAcct>
								<Id>
									<Othr>
										<Id>51833622</Id>
										<SchmeNm>
											<Prtry>BGNR</Prtry>
										</SchmeNm>
									</Othr>
								</Id>
							</DbtrAcct>
							<Cdtr>
								<Nm>Idaberg AB</Nm>
								<PstlAdr>
									<Ctry>SE</Ctry>
								</PstlAdr>
							</Cdtr>
							<CdtrAcct>
								<Id>
									<Othr>
										<Id>50691435</Id>
										<SchmeNm>
											<Prtry>BGNR</Prtry>
										</SchmeNm>
									</Othr>
								</Id>
							</CdtrAcct>
						</RltdPties>
						<RltdAgts>
							<DbtrAgt>
								<FinInstnId>
									<BIC>SWEDSESS</BIC>
								</FinInstnId>
							</DbtrAgt>
							<CdtrAgt>
								<FinInstnId>
									<ClrSysMmbId>
										<ClrSysId>
											<Cd>SESBA</Cd>
										</ClrSysId>
										<MmbId>9900</MmbId>
									</ClrSysMmbId>
								</FinInstnId>
							</CdtrAgt>
						</RltdAgts>
						<RmtInf>
							<Strd xmlns:xsi="http://www.w3.org/2001/XMLSchema-instance">
								<RfrdDocInf>
									<Tp>
										<CdOrPrtry>
											<Cd>CINV</Cd>
										</CdOrPrtry>
									</Tp>
									<Nb>10020</Nb>
								</RfrdDocInf>
								<RfrdDocAmt>
									<RmtdAmt Ccy="SEK">775.00</RmtdAmt>
								</RfrdDocAmt>
							</Strd>
						</RmtInf>
					</TxDtls>
				</NtryDtls>
				<NtryDtls>
					<TxDtls>
						<Refs>
							<MsgId>d2027c9eb14d4b0d86cd41d5a8e30351</MsgId>
							<AcctSvcrRef>202510246764477500000014</AcctSvcrRef>
							<PmtInfId>12317632</PmtInfId>
							<EndToEndId>12317652,20479124,1</EndToEndId>
						</Refs>
						<AmtDtls>
							<TxAmt>
								<Amt Ccy="SEK">3574.00</Amt>
							</TxAmt>
						</AmtDtls>
						<RltdPties>
							<DbtrAcct>
								<Id>
									<Othr>
										<Id>51833622</Id>
										<SchmeNm>
											<Prtry>BGNR</Prtry>
										</SchmeNm>
									</Othr>
								</Id>
							</DbtrAcct>
							<Cdtr>
								<Nm>Elsasson AB</Nm>
								<PstlAdr>
									<Ctry>SE</Ctry>
								</PstlAdr>
							</Cdtr>
							<CdtrAcct>
								<Id>
									<Othr>
										<Id>50803659</Id>
										<SchmeNm>
											<Prtry>BGNR</Prtry>
										</SchmeNm>
									</Othr>
								</Id>
							</CdtrAcct>
						</RltdPties>
						<RltdAgts>
							<DbtrAgt>
								<FinInstnId>
									<BIC>SWEDSESS</BIC>
								</FinInstnId>
							</DbtrAgt>
							<CdtrAgt>
								<FinInstnId>
									<ClrSysMmbId>
										<ClrSysId>
											<Cd>SESBA</Cd>
										</ClrSysId>
										<MmbId>9900</MmbId>
									</ClrSysMmbId>
								</FinInstnId>
							</CdtrAgt>
						</RltdAgts>
						<RmtInf>
							<Strd xmlns:xsi="http://www.w3.org/2001/XMLSchema-instance">
								<RfrdDocAmt>
									<RmtdAmt Ccy="SEK">3574.00</RmtdAmt>
								</RfrdDocAmt>
								<CdtrRefInf>
									<Tp>
										<CdOrPrtry>
											<Cd>SCOR</Cd>
										</CdOrPrtry>
									</Tp>
									<Ref>10021</Ref>
								</CdtrRefInf>
							</Strd>
						</RmtInf>
					</TxDtls>
				</NtryDtls>
				<NtryDtls>
					<TxDtls>
						<Refs>
							<MsgId>d2027c9eb14d4b0d86cd41d5a8e30351</MsgId>
							<AcctSvcrRef>202510246764477500000015</AcctSvcrRef>
							<PmtInfId>12317632</PmtInfId>
							<EndToEndId>12317666,20479124,1</EndToEndId>
						</Refs>
						<AmtDtls>
							<TxAmt>
								<Amt Ccy="SEK">987.50</Amt>
							</TxAmt>
						</AmtDtls>
						<RltdPties>
							<DbtrAcct>
								<Id>
									<Othr>
										<Id>51833622</Id>
										<SchmeNm>
											<Prtry>BGNR</Prtry>
										</SchmeNm>
									</Othr>
								</Id>
							</DbtrAcct>
							<Cdtr>
								<Nm>Carolineberg AB</Nm>
								<PstlAdr>
									<Ctry>SE</Ctry>
								</PstlAdr>
							</Cdtr>
							<CdtrAcct>
								<Id>
									<Othr>
										<Id>52330263</Id>
										<SchmeNm>
											<Prtry>BGNR</Prtry>
										</SchmeNm>
									</Othr>
								</Id>
							</CdtrAcct>
						</RltdPties>
						<RltdAgts>
							<DbtrAgt>
								<FinInstnId>
									<BIC>SWEDSESS</BIC>
								</FinInstnId>
							</DbtrAgt>
							<CdtrAgt>
								<FinInstnId>
									<ClrSysMmbId>
										<ClrSysId>
											<Cd>SESBA</Cd>
										</ClrSysId>
										<MmbId>9900</MmbId>
									</ClrSysMmbId>
								</FinInstnId>
							</CdtrAgt>
						</RltdAgts>
						<RmtInf>
							<Strd xmlns:xsi="http://www.w3.org/2001/XMLSchema-instance">
								<RfrdDocAmt>
									<RmtdAmt Ccy="SEK">987.50</RmtdAmt>
								</RfrdDocAmt>
								<CdtrRefInf>
									<Tp>
										<CdOrPrtry>
											<Cd>SCOR</Cd>
										</CdOrPrtry>
									</Tp>
									<Ref>10035</Ref>
								</CdtrRefInf>
							</Strd>
						</RmtInf>
					</TxDtls>
				</NtryDtls>
				<NtryDtls>
					<TxDtls>
						<Refs>
							<MsgId>d2027c9eb14d4b0d86cd41d5a8e30351</MsgId>
							<AcctSvcrRef>202510246764477500000016</AcctSvcrRef>
							<PmtInfId>12317632</PmtInfId>
							<EndToEndId>12317662,20479124,1</EndToEndId>
						</Refs>
						<AmtDtls>
							<TxAmt>
								<Amt Ccy="SEK">187.00</Amt>
							</TxAmt>
						</AmtDtls>
						<RltdPties>
							<DbtrAcct>
								<Id>
									<Othr>
										<Id>51833622</Id>
										<SchmeNm>
											<Prtry>BGNR</Prtry>
										</SchmeNm>
									</Othr>
								</Id>
							</DbtrAcct>
							<Cdtr>
								<Nm>Thereseur AB</Nm>
								<PstlAdr>
									<Ctry>SE</Ctry>
								</PstlAdr>
							</Cdtr>
							<CdtrAcct>
								<Id>
									<Othr>
										<Id>53311338</Id>
										<SchmeNm>
											<Prtry>BGNR</Prtry>
										</SchmeNm>
									</Othr>
								</Id>
							</CdtrAcct>
						</RltdPties>
						<RltdAgts>
							<DbtrAgt>
								<FinInstnId>
									<BIC>SWEDSESS</BIC>
								</FinInstnId>
							</DbtrAgt>
							<CdtrAgt>
								<FinInstnId>
									<ClrSysMmbId>
										<ClrSysId>
											<Cd>SESBA</Cd>
										</ClrSysId>
										<MmbId>9900</MmbId>
									</ClrSysMmbId>
								</FinInstnId>
							</CdtrAgt>
						</RltdAgts>
						<RmtInf>
							<Strd xmlns:xsi="http://www.w3.org/2001/XMLSchema-instance">
								<RfrdDocInf>
									<Tp>
										<CdOrPrtry>
											<Cd>CINV</Cd>
										</CdOrPrtry>
									</Tp>
									<Nb>10031</Nb>
								</RfrdDocInf>
								<RfrdDocAmt>
									<RmtdAmt Ccy="SEK">187.00</RmtdAmt>
								</RfrdDocAmt>
							</Strd>
						</RmtInf>
					</TxDtls>
				</NtryDtls>
				<NtryDtls>
					<TxDtls>
						<Refs>
							<MsgId>d2027c9eb14d4b0d86cd41d5a8e30351</MsgId>
							<AcctSvcrRef>202510246764477500000017</AcctSvcrRef>
							<PmtInfId>12317632</PmtInfId>
							<EndToEndId>12317663,20479124,1</EndToEndId>
						</Refs>
						<AmtDtls>
							<TxAmt>
								<Amt Ccy="SEK">3875.00</Amt>
							</TxAmt>
						</AmtDtls>
						<RltdPties>
							<DbtrAcct>
								<Id>
									<Othr>
										<Id>51833622</Id>
										<SchmeNm>
											<Prtry>BGNR</Prtry>
										</SchmeNm>
									</Othr>
								</Id>
							</DbtrAcct>
							<Cdtr>
								<Nm>Thereseur AB</Nm>
								<PstlAdr>
									<Ctry>SE</Ctry>
								</PstlAdr>
							</Cdtr>
							<CdtrAcct>
								<Id>
									<Othr>
										<Id>53311338</Id>
										<SchmeNm>
											<Prtry>BGNR</Prtry>
										</SchmeNm>
									</Othr>
								</Id>
							</CdtrAcct>
						</RltdPties>
						<RltdAgts>
							<DbtrAgt>
								<FinInstnId>
									<BIC>SWEDSESS</BIC>
								</FinInstnId>
							</DbtrAgt>
							<CdtrAgt>
								<FinInstnId>
									<ClrSysMmbId>
										<ClrSysId>
											<Cd>SESBA</Cd>
										</ClrSysId>
										<MmbId>9900</MmbId>
									</ClrSysMmbId>
								</FinInstnId>
							</CdtrAgt>
						</RltdAgts>
						<RmtInf>
							<Strd xmlns:xsi="http://www.w3.org/2001/XMLSchema-instance">
								<RfrdDocInf>
									<Tp>
										<CdOrPrtry>
											<Cd>CINV</Cd>
										</CdOrPrtry>
									</Tp>
									<Nb>10032</Nb>
								</RfrdDocInf>
								<RfrdDocAmt>
									<RmtdAmt Ccy="SEK">3875.00</RmtdAmt>
								</RfrdDocAmt>
							</Strd>
						</RmtInf>
					</TxDtls>
				</NtryDtls>
				<NtryDtls>
					<TxDtls>
						<Refs>
							<MsgId>d2027c9eb14d4b0d86cd41d5a8e30351</MsgId>
							<AcctSvcrRef>202510246764477500000018</AcctSvcrRef>
							<PmtInfId>12317632</PmtInfId>
							<EndToEndId>12317660,20479124,1</EndToEndId>
						</Refs>
						<AmtDtls>
							<TxAmt>
								<Amt Ccy="SEK">1381.25</Amt>
							</TxAmt>
						</AmtDtls>
						<RltdPties>
							<DbtrAcct>
								<Id>
									<Othr>
										<Id>51833622</Id>
										<SchmeNm>
											<Prtry>BGNR</Prtry>
										</SchmeNm>
									</Othr>
								</Id>
							</DbtrAcct>
							<Cdtr>
								<Nm>Juliagren AB</Nm>
								<PstlAdr>
									<Ctry>SE</Ctry>
								</PstlAdr>
							</Cdtr>
							<CdtrAcct>
								<Id>
									<Othr>
										<Id>55345219</Id>
										<SchmeNm>
											<Prtry>BGNR</Prtry>
										</SchmeNm>
									</Othr>
								</Id>
							</CdtrAcct>
						</RltdPties>
						<RltdAgts>
							<DbtrAgt>
								<FinInstnId>
									<BIC>SWEDSESS</BIC>
								</FinInstnId>
							</DbtrAgt>
							<CdtrAgt>
								<FinInstnId>
									<ClrSysMmbId>
										<ClrSysId>
											<Cd>SESBA</Cd>
										</ClrSysId>
										<MmbId>9900</MmbId>
									</ClrSysMmbId>
								</FinInstnId>
							</CdtrAgt>
						</RltdAgts>
						<RmtInf>
							<Strd xmlns:xsi="http://www.w3.org/2001/XMLSchema-instance">
								<RfrdDocInf>
									<Tp>
										<CdOrPrtry>
											<Cd>CINV</Cd>
										</CdOrPrtry>
									</Tp>
									<Nb>10029</Nb>
								</RfrdDocInf>
								<RfrdDocAmt>
									<RmtdAmt Ccy="SEK">1381.25</RmtdAmt>
								</RfrdDocAmt>
							</Strd>
						</RmtInf>
					</TxDtls>
				</NtryDtls>
				<NtryDtls>
					<TxDtls>
						<Refs>
							<MsgId>d2027c9eb14d4b0d86cd41d5a8e30351</MsgId>
							<AcctSvcrRef>202510246764477500000019</AcctSvcrRef>
							<PmtInfId>12317632</PmtInfId>
							<EndToEndId>12317632,20479124,14</EndToEndId>
						</Refs>
						<AmtDtls>
							<TxAmt>
								<Amt Ccy="SEK">199808.00</Amt>
							</TxAmt>
						</AmtDtls>
						<RltdPties>
							<DbtrAcct>
								<Id>
									<Othr>
										<Id>51833622</Id>
										<SchmeNm>
											<Prtry>BGNR</Prtry>
										</SchmeNm>
									</Othr>
								</Id>
							</DbtrAcct>
							<Cdtr>
								<Nm>Emildahl AB</Nm>
								<PstlAdr>
									<Ctry>SE</Ctry>
								</PstlAdr>
							</Cdtr>
							<CdtrAcct>
								<Id>
									<Othr>
										<Id>56125321</Id>
										<SchmeNm>
											<Prtry>BGNR</Prtry>
										</SchmeNm>
									</Othr>
								</Id>
							</CdtrAcct>
						</RltdPties>
						<RltdAgts>
							<DbtrAgt>
								<FinInstnId>
									<BIC>SWEDSESS</BIC>
								</FinInstnId>
							</DbtrAgt>
							<CdtrAgt>
								<FinInstnId>
									<ClrSysMmbId>
										<ClrSysId>
											<Cd>SESBA</Cd>
										</ClrSysId>
										<MmbId>9900</MmbId>
									</ClrSysMmbId>
								</FinInstnId>
							</CdtrAgt>
						</RltdAgts>
						<RmtInf>
							<Strd xmlns:xsi="http://www.w3.org/2001/XMLSchema-instance">
								<RfrdDocInf>
									<Tp>
										<CdOrPrtry>
											<Cd>CINV</Cd>
										</CdOrPrtry>
									</Tp>
									<Nb>10001</Nb>
								</RfrdDocInf>
								<RfrdDocAmt>
									<RmtdAmt Ccy="SEK">21875.00</RmtdAmt>
								</RfrdDocAmt>
							</Strd>
							<Strd xmlns:xsi="http://www.w3.org/2001/XMLSchema-instance">
								<RfrdDocInf>
									<Tp>
										<CdOrPrtry>
											<Cd>CINV</Cd>
										</CdOrPrtry>
									</Tp>
									<Nb>10003</Nb>
								</RfrdDocInf>
								<RfrdDocAmt>
									<RmtdAmt Ccy="SEK">21875.00</RmtdAmt>
								</RfrdDocAmt>
							</Strd>
							<Strd xmlns:xsi="http://www.w3.org/2001/XMLSchema-instance">
								<RfrdDocInf>
									<Tp>
										<CdOrPrtry>
											<Cd>CINV</Cd>
										</CdOrPrtry>
									</Tp>
									<Nb>10008</Nb>
								</RfrdDocInf>
								<RfrdDocAmt>
									<RmtdAmt Ccy="SEK">21875.00</RmtdAmt>
								</RfrdDocAmt>
							</Strd>
							<Strd xmlns:xsi="http://www.w3.org/2001/XMLSchema-instance">
								<RfrdDocInf>
									<Tp>
										<CdOrPrtry>
											<Cd>CINV</Cd>
										</CdOrPrtry>
									</Tp>
									<Nb>10004</Nb>
								</RfrdDocInf>
								<RfrdDocAmt>
									<RmtdAmt Ccy="SEK">21313.00</RmtdAmt>
								</RfrdDocAmt>
							</Strd>
							<Strd xmlns:xsi="http://www.w3.org/2001/XMLSchema-instance">
								<RfrdDocInf>
									<Tp>
										<CdOrPrtry>
											<Cd>CINV</Cd>
										</CdOrPrtry>
									</Tp>
									<Nb>10005</Nb>
								</RfrdDocInf>
								<RfrdDocAmt>
									<RmtdAmt Ccy="SEK">18625.00</RmtdAmt>
								</RfrdDocAmt>
							</Strd>
							<Strd xmlns:xsi="http://www.w3.org/2001/XMLSchema-instance">
								<RfrdDocInf>
									<Tp>
										<CdOrPrtry>
											<Cd>CINV</Cd>
										</CdOrPrtry>
									</Tp>
									<Nb>10006</Nb>
								</RfrdDocInf>
								<RfrdDocAmt>
									<RmtdAmt Ccy="SEK">23500.00</RmtdAmt>
								</RfrdDocAmt>
							</Strd>
							<Strd xmlns:xsi="http://www.w3.org/2001/XMLSchema-instance">
								<RfrdDocInf>
									<Tp>
										<CdOrPrtry>
											<Cd>CINV</Cd>
										</CdOrPrtry>
									</Tp>
									<Nb>10007</Nb>
								</RfrdDocInf>
								<RfrdDocAmt>
									<RmtdAmt Ccy="SEK">12625.00</RmtdAmt>
								</RfrdDocAmt>
							</Strd>
							<Strd xmlns:xsi="http://www.w3.org/2001/XMLSchema-instance">
								<RfrdDocInf>
									<Tp>
										<CdOrPrtry>
											<Cd>CINV</Cd>
										</CdOrPrtry>
									</Tp>
									<Nb>10002</Nb>
								</RfrdDocInf>
								<RfrdDocAmt>
									<RmtdAmt Ccy="SEK">21875.00</RmtdAmt>
								</RfrdDocAmt>
							</Strd>
							<Strd xmlns:xsi="http://www.w3.org/2001/XMLSchema-instance">
								<RfrdDocInf>
									<Tp>
										<CdOrPrtry>
											<Cd>CINV</Cd>
										</CdOrPrtry>
									</Tp>
									<Nb>10012</Nb>
								</RfrdDocInf>
								<RfrdDocAmt>
									<RmtdAmt Ccy="SEK">3331.00</RmtdAmt>
								</RfrdDocAmt>
							</Strd>
							<Strd xmlns:xsi="http://www.w3.org/2001/XMLSchema-instance">
								<RfrdDocInf>
									<Tp>
										<CdOrPrtry>
											<Cd>CINV</Cd>
										</CdOrPrtry>
									</Tp>
									<Nb>10013</Nb>
								</RfrdDocInf>
								<RfrdDocAmt>
									<RmtdAmt Ccy="SEK">5775.00</RmtdAmt>
								</RfrdDocAmt>
							</Strd>
							<Strd xmlns:xsi="http://www.w3.org/2001/XMLSchema-instance">
								<RfrdDocInf>
									<Tp>
										<CdOrPrtry>
											<Cd>CREN</Cd>
										</CdOrPrtry>
									</Tp>
									<Nb>10015</Nb>
								</RfrdDocInf>
								<RfrdDocAmt>
									<CdtNoteAmt Ccy="SEK">5700.00</CdtNoteAmt>
								</RfrdDocAmt>
							</Strd>
							<Strd xmlns:xsi="http://www.w3.org/2001/XMLSchema-instance">
								<RfrdDocInf>
									<Tp>
										<CdOrPrtry>
											<Cd>CINV</Cd>
										</CdOrPrtry>
									</Tp>
									<Nb>10017</Nb>
								</RfrdDocInf>
								<RfrdDocAmt>
									<RmtdAmt Ccy="SEK">12801.00</RmtdAmt>
								</RfrdDocAmt>
							</Strd>
							<Strd xmlns:xsi="http://www.w3.org/2001/XMLSchema-instance">
								<RfrdDocInf>
									<Tp>
										<CdOrPrtry>
											<Cd>CINV</Cd>
										</CdOrPrtry>
									</Tp>
									<Nb>10022</Nb>
								</RfrdDocInf>
								<RfrdDocAmt>
									<RmtdAmt Ccy="SEK">13038.00</RmtdAmt>
								</RfrdDocAmt>
							</Strd>
							<Strd xmlns:xsi="http://www.w3.org/2001/XMLSchema-instance">
								<RfrdDocInf>
									<Tp>
										<CdOrPrtry>
											<Cd>CINV</Cd>
										</CdOrPrtry>
									</Tp>
									<Nb>10024</Nb>
								</RfrdDocInf>
								<RfrdDocAmt>
									<RmtdAmt Ccy="SEK">7000.00</RmtdAmt>
								</RfrdDocAmt>
							</Strd>
						</RmtInf>
					</TxDtls>
				</NtryDtls>
				<NtryDtls>
					<TxDtls>
						<Refs>
							<MsgId>d2027c9eb14d4b0d86cd41d5a8e30351</MsgId>
							<AcctSvcrRef>202510246764477500000020</AcctSvcrRef>
							<PmtInfId>12317632</PmtInfId>
							<EndToEndId>12317665,20479124,1</EndToEndId>
						</Refs>
						<AmtDtls>
							<TxAmt>
								<Amt Ccy="SEK">273.00</Amt>
							</TxAmt>
						</AmtDtls>
						<RltdPties>
							<DbtrAcct>
								<Id>
									<Othr>
										<Id>51833622</Id>
										<SchmeNm>
											<Prtry>BGNR</Prtry>
										</SchmeNm>
									</Othr>
								</Id>
							</DbtrAcct>
							<Cdtr>
								<Nm>Tobiasur AB</Nm>
								<PstlAdr>
									<Ctry>SE</Ctry>
								</PstlAdr>
							</Cdtr>
							<CdtrAcct>
								<Id>
									<Othr>
										<Id>58731654</Id>
										<SchmeNm>
											<Prtry>BGNR</Prtry>
										</SchmeNm>
									</Othr>
								</Id>
							</CdtrAcct>
						</RltdPties>
						<RltdAgts>
							<DbtrAgt>
								<FinInstnId>
									<BIC>SWEDSESS</BIC>
								</FinInstnId>
							</DbtrAgt>
							<CdtrAgt>
								<FinInstnId>
									<ClrSysMmbId>
										<ClrSysId>
											<Cd>SESBA</Cd>
										</ClrSysId>
										<MmbId>9900</MmbId>
									</ClrSysMmbId>
								</FinInstnId>
							</CdtrAgt>
						</RltdAgts>
						<RmtInf>
							<Strd xmlns:xsi="http://www.w3.org/2001/XMLSchema-instance">
								<RfrdDocAmt>
									<RmtdAmt Ccy="SEK">273.00</RmtdAmt>
								</RfrdDocAmt>
								<CdtrRefInf>
									<Tp>
										<CdOrPrtry>
											<Cd>SCOR</Cd>
										</CdOrPrtry>
									</Tp>
									<Ref>10034</Ref>
								</CdtrRefInf>
							</Strd>
						</RmtInf>
					</TxDtls>
				</NtryDtls>
			</Ntry>
		</Ntfctn>
	</BkToCstmrDbtCdtNtfctn>
</Document>
