<?xml version="1.0" encoding="utf-8"?>
<Document xmlns:xsi="http://www.w3.org/2001/XMLSchema-instance" xsi:schemaLocation="urn:iso:std:iso:20022:tech:xsd:camt.054.001.02 camt.054.001.02.xsd" xmlns="urn:iso:std:iso:20022:tech:xsd:camt.054.001.02">
  <BkToCstmrDbtCdtNtfctn>
    <GrpHdr>
      <MsgId>40919816</MsgId>
      <CreDtTm>2023-06-21T23:35:17+01:00</CreDtTm>
      <MsgRcpt>
        <Id>
          <OrgId>
            <Othr>
              <Id>55630365720004</Id>
              <SchmeNm>
                <Cd>BANK</Cd>
              </SchmeNm>
            </Othr>
          </OrgId>
        </Id>
      </MsgRcpt>
      <AddtlInf>/DEBT/</AddtlInf>
    </GrpHdr>
    <Ntfctn>
      <Id>STOIID25230621233331000020</Id>
      <CreDtTm>2023-06-21T23:33:31+01:00</CreDtTm>
      <Acct>
        <Id>
          <Othr>
            <Id>56411009864</Id>
            <SchmeNm>
              <Cd>BBAN</Cd>
            </SchmeNm>
          </Othr>
        </Id>
        <Ccy>SEK</Ccy>
        <Ownr>
          <Nm>HÖLLVIKEN LIVS AB</Nm>
          <Id>
            <OrgId>
              <Othr>
                <Id>55630365720004</Id>
                <SchmeNm>
                  <Cd>BANK</Cd>
                </SchmeNm>
              </Othr>
            </OrgId>
          </Id>
        </Ownr>
        <Svcr>
          <FinInstnId>
            <BIC>ESSESESSXXX</BIC>
          </FinInstnId>
        </Svcr>
      </Acct>
      <TxsSummry>
        <TtlDbtNtries>
          <NbOfNtries>1</NbOfNtries>
          <Sum>380498.33</Sum>
        </TtlDbtNtries>
      </TxsSummry>
      <Ntry>
        <NtryRef>LBE5339-8285-0114595</NtryRef>
        <Amt Ccy="SEK">380498.33</Amt>
        <CdtDbtInd>DBIT</CdtDbtInd>
        <Sts>BOOK</Sts>
        <BookgDt>
          <Dt>2023-06-21</Dt>
        </BookgDt>
        <ValDt>
          <Dt>2023-06-21</Dt>
        </ValDt>
        <AcctSvcrRef>STOI564110098640114595</AcctSvcrRef>
        <BkTxCd>
          <Domn>
            <Cd>PMNT</Cd>
            <Fmly>
              <Cd>ICDT</Cd>
              <SubFmlyCd>ATXN</SubFmlyCd>
            </Fmly>
          </Domn>
          <Prtry>
            <Cd>TRF</Cd>
            <Issr>SWIFT</Issr>
          </Prtry>
        </BkTxCd>
        <NtryDtls>
          <TxDtls>
            <Refs>
              <MsgId>C8CD7DA8EF5740529426F879AA607C21</MsgId>
              <AcctSvcrRef>STOESI05230531123140149791000001</AcctSvcrRef>
              <PmtInfId>1745360</PmtInfId>
              <EndToEndId>1745360,3175584</EndToEndId>
            </Refs>
            <AmtDtls>
              <TxAmt>
                <Amt Ccy="SEK">716.00</Amt>
              </TxAmt>
            </AmtDtls>
            <RltdPties>
              <Dbtr>
                <Nm>HÖLLVIKEN LIVS AB</Nm>
              </Dbtr>
              <DbtrAcct>
                <Id>
                  <Othr>
                    <Id>53398285</Id>
                    <SchmeNm>
                      <Prtry>BGNR</Prtry>
                    </SchmeNm>
                  </Othr>
                </Id>
              </DbtrAcct>
              <Cdtr>
                <Nm>Patrikqvist AB</Nm>
              </Cdtr>
              <CdtrAcct>
                <Id>
                  <Othr>
                    <Id>1279454</Id>
                    <SchmeNm>
                      <Prtry>BGNR</Prtry>
                    </SchmeNm>
                  </Othr>
                </Id>
              </CdtrAcct>
            </RltdPties>
            <RltdAgts>
              <DbtrAgt>
                <FinInstnId>
                  <Nm>Skandinaviska Enskilda Banken</Nm>
                </FinInstnId>
              </DbtrAgt>
            </RltdAgts>
            <RmtInf>
              <Strd>
                <RfrdDocAmt>
                  <RmtdAmt Ccy="SEK">716.00</RmtdAmt>
                </RfrdDocAmt>
                <CdtrRefInf>
                  <Tp>
                    <CdOrPrtry>
                      <Cd>SCOR</Cd>
                    </CdOrPrtry>
                  </Tp>
                  <Ref>344465</Ref>
                </CdtrRefInf>
              </Strd>
            </RmtInf>
          </TxDtls>
          <TxDtls>
            <Refs>
              <MsgId>C8CD7DA8EF5740529426F879AA607C21</MsgId>
              <AcctSvcrRef>STOESI05230531123140149791000002</AcctSvcrRef>
              <PmtInfId>1745360</PmtInfId>
              <EndToEndId>1745362,3175584</EndToEndId>
            </Refs>
            <AmtDtls>
              <TxAmt>
                <Amt Ccy="SEK">2680.00</Amt>
              </TxAmt>
            </AmtDtls>
            <RltdPties>
              <Dbtr>
                <Nm>HÖLLVIKEN LIVS AB</Nm>
              </Dbtr>
              <DbtrAcct>
                <Id>
                  <Othr>
                    <Id>53398285</Id>
                    <SchmeNm>
                      <Prtry>BGNR</Prtry>
                    </SchmeNm>
                  </Othr>
                </Id>
              </DbtrAcct>
              <Cdtr>
                <Nm>Josefinegren AB</Nm>
              </Cdtr>
              <CdtrAcct>
                <Id>
                  <Othr>
                    <Id>4981544</Id>
                    <SchmeNm>
                      <Prtry>BGNR</Prtry>
                    </SchmeNm>
                  </Othr>
                </Id>
              </CdtrAcct>
            </RltdPties>
            <RltdAgts>
              <DbtrAgt>
                <FinInstnId>
                  <Nm>Skandinaviska Enskilda Banken</Nm>
                </FinInstnId>
              </DbtrAgt>
            </RltdAgts>
            <RmtInf>
              <Strd>
                <RfrdDocInf>
                  <Tp>
                    <CdOrPrtry>
                      <Cd>CINV</Cd>
                    </CdOrPrtry>
                  </Tp>
                  <Nb>1401620</Nb>
                </RfrdDocInf>
                <RfrdDocAmt>
                  <RmtdAmt Ccy="SEK">2680.00</RmtdAmt>
                </RfrdDocAmt>
              </Strd>
            </RmtInf>
          </TxDtls>
          <TxDtls>
            <Refs>
              <MsgId>A36E6E81DF3B44BDA676F1EF1CB4D019</MsgId>
              <AcctSvcrRef>STOESI05230607134825407559000001</AcctSvcrRef>
              <PmtInfId>1755946</PmtInfId>
              <EndToEndId>1755946,3226637</EndToEndId>
            </Refs>
            <AmtDtls>
              <TxAmt>
                <Amt Ccy="SEK">15000.00</Amt>
              </TxAmt>
            </AmtDtls>
            <RltdPties>
              <Dbtr>
                <Nm>HÖLLVIKEN LIVS AB</Nm>
              </Dbtr>
              <DbtrAcct>
                <Id>
                  <Othr>
                    <Id>53398285</Id>
                    <SchmeNm>
                      <Prtry>BGNR</Prtry>
                    </SchmeNm>
                  </Othr>
                </Id>
              </DbtrAcct>
              <Cdtr>
                <Nm>Alexandraberg AB</Nm>
              </Cdtr>
              <CdtrAcct>
                <Id>
                  <Othr>
                    <Id>1817758</Id>
                    <SchmeNm>
                      <Prtry>BGNR</Prtry>
                    </SchmeNm>
                  </Othr>
                </Id>
              </CdtrAcct>
            </RltdPties>
            <RltdAgts>
              <DbtrAgt>
                <FinInstnId>
                  <Nm>Skandinaviska Enskilda Banken</Nm>
                </FinInstnId>
              </DbtrAgt>
            </RltdAgts>
            <RmtInf>
              <Strd>
                <RfrdDocInf>
                  <Tp>
                    <CdOrPrtry>
                      <Cd>CINV</Cd>
                    </CdOrPrtry>
                  </Tp>
                  <Nb>26425</Nb>
                </RfrdDocInf>
                <RfrdDocAmt>
                  <RmtdAmt Ccy="SEK">15000.00</RmtdAmt>
                </RfrdDocAmt>
              </Strd>
            </RmtInf>
          </TxDtls>
          <TxDtls>
            <Refs>
              <MsgId>A36E6E81DF3B44BDA676F1EF1CB4D019</MsgId>
              <AcctSvcrRef>STOESI05230607134825407559000002</AcctSvcrRef>
              <PmtInfId>1755946</PmtInfId>
              <EndToEndId>1755950,3226637</EndToEndId>
            </Refs>
            <AmtDtls>
              <TxAmt>
                <Amt Ccy="SEK">2080.00</Amt>
              </TxAmt>
            </AmtDtls>
            <RltdPties>
              <Dbtr>
                <Nm>HÖLLVIKEN LIVS AB</Nm>
              </Dbtr>
              <DbtrAcct>
                <Id>
                  <Othr>
                    <Id>53398285</Id>
                    <SchmeNm>
                      <Prtry>BGNR</Prtry>
                    </SchmeNm>
                  </Othr>
                </Id>
              </DbtrAcct>
              <Cdtr>
                <Nm>Sebastianqvist AB</Nm>
              </Cdtr>
              <CdtrAcct>
                <Id>
                  <Othr>
                    <Id>50448208</Id>
                    <SchmeNm>
                      <Prtry>BGNR</Prtry>
                    </SchmeNm>
                  </Othr>
                </Id>
              </CdtrAcct>
            </RltdPties>
            <RltdAgts>
              <DbtrAgt>
                <FinInstnId>
                  <Nm>Skandinaviska Enskilda Banken</Nm>
                </FinInstnId>
              </DbtrAgt>
            </RltdAgts>
            <RmtInf>
              <Strd>
                <RfrdDocInf>
                  <Tp>
                    <CdOrPrtry>
                      <Cd>CINV</Cd>
                    </CdOrPrtry>
                  </Tp>
                  <Nb>14773</Nb>
                </RfrdDocInf>
                <RfrdDocAmt>
                  <RmtdAmt Ccy="SEK">2080.00</RmtdAmt>
                </RfrdDocAmt>
              </Strd>
            </RmtInf>
          </TxDtls>
          <TxDtls>
            <Refs>
              <MsgId>552BAFDF9AEE4A16B8E349AAAFFB9486</MsgId>
              <AcctSvcrRef>STOESI05230608135927720178000001</AcctSvcrRef>
              <PmtInfId>1758924</PmtInfId>
              <EndToEndId>1758924,3236300</EndToEndId>
            </Refs>
            <AmtDtls>
              <TxAmt>
                <Amt Ccy="SEK">4424.00</Amt>
              </TxAmt>
            </AmtDtls>
            <RltdPties>
              <Dbtr>
                <Nm>HÖLLVIKEN LIVS AB</Nm>
              </Dbtr>
              <DbtrAcct>
                <Id>
                  <Othr>
                    <Id>53398285</Id>
                    <SchmeNm>
                      <Prtry>BGNR</Prtry>
                    </SchmeNm>
                  </Othr>
                </Id>
              </DbtrAcct>
              <Cdtr>
                <Nm>Alexsson AB</Nm>
              </Cdtr>
              <CdtrAcct>
                <Id>
                  <Othr>
                    <Id>5162052</Id>
                    <SchmeNm>
                      <Prtry>BGNR</Prtry>
                    </SchmeNm>
                  </Othr>
                </Id>
              </CdtrAcct>
            </RltdPties>
            <RltdAgts>
              <DbtrAgt>
                <FinInstnId>
                  <Nm>Skandinaviska Enskilda Banken</Nm>
                </FinInstnId>
              </DbtrAgt>
            </RltdAgts>
            <RmtInf>
              <Strd>
                <RfrdDocAmt>
                  <RmtdAmt Ccy="SEK">4424.00</RmtdAmt>
                </RfrdDocAmt>
                <CdtrRefInf>
                  <Tp>
                    <CdOrPrtry>
                      <Cd>SCOR</Cd>
                    </CdOrPrtry>
                  </Tp>
                  <Ref>100345442113</Ref>
                </CdtrRefInf>
              </Strd>
            </RmtInf>
          </TxDtls>
          <TxDtls>
            <Refs>
              <MsgId>552BAFDF9AEE4A16B8E349AAAFFB9486</MsgId>
              <AcctSvcrRef>STOESI05230608135927720178000002</AcctSvcrRef>
              <PmtInfId>1758924</PmtInfId>
              <EndToEndId>1758926,3236300</EndToEndId>
            </Refs>
            <AmtDtls>
              <TxAmt>
                <Amt Ccy="SEK">2250.00</Amt>
              </TxAmt>
            </AmtDtls>
            <RltdPties>
              <Dbtr>
                <Nm>HÖLLVIKEN LIVS AB</Nm>
              </Dbtr>
              <DbtrAcct>
                <Id>
                  <Othr>
                    <Id>53398285</Id>
                    <SchmeNm>
                      <Prtry>BGNR</Prtry>
                    </SchmeNm>
                  </Othr>
                </Id>
              </DbtrAcct>
              <Cdtr>
                <Nm>Gabriellagren AB</Nm>
              </Cdtr>
              <CdtrAcct>
                <Id>
                  <Othr>
                    <Id>1810977</Id>
                    <SchmeNm>
                      <Prtry>BGNR</Prtry>
                    </SchmeNm>
                  </Othr>
                </Id>
              </CdtrAcct>
            </RltdPties>
            <RltdAgts>
              <DbtrAgt>
                <FinInstnId>
                  <Nm>Skandinaviska Enskilda Banken</Nm>
                </FinInstnId>
              </DbtrAgt>
            </RltdAgts>
            <RmtInf>
              <Strd>
                <RfrdDocAmt>
                  <RmtdAmt Ccy="SEK">2250.00</RmtdAmt>
                </RfrdDocAmt>
                <CdtrRefInf>
                  <Tp>
                    <CdOrPrtry>
                      <Cd>SCOR</Cd>
                    </CdOrPrtry>
                  </Tp>
                  <Ref>1051671</Ref>
                </CdtrRefInf>
              </Strd>
            </RmtInf>
          </TxDtls>
          <TxDtls>
            <Refs>
              <MsgId>CFB3ADFDE6084E859CD88C56C9627E25</MsgId>
              <AcctSvcrRef>STOESI05230614110839832217000001</AcctSvcrRef>
              <PmtInfId>1766834</PmtInfId>
              <EndToEndId>1766834,3254248</EndToEndId>
            </Refs>
            <AmtDtls>
              <TxAmt>
                <Amt Ccy="SEK">7426.00</Amt>
              </TxAmt>
            </AmtDtls>
            <RltdPties>
              <Dbtr>
                <Nm>HÖLLVIKEN LIVS AB</Nm>
              </Dbtr>
              <DbtrAcct>
                <Id>
                  <Othr>
                    <Id>53398285</Id>
                    <SchmeNm>
                      <Prtry>BGNR</Prtry>
                    </SchmeNm>
                  </Othr>
                </Id>
              </DbtrAcct>
              <Cdtr>
                <Nm>Sagaberg AB</Nm>
              </Cdtr>
              <CdtrAcct>
                <Id>
                  <Othr>
                    <Id>7314248</Id>
                    <SchmeNm>
                      <Prtry>BGNR</Prtry>
                    </SchmeNm>
                  </Othr>
                </Id>
              </CdtrAcct>
            </RltdPties>
            <RltdAgts>
              <DbtrAgt>
                <FinInstnId>
                  <Nm>Skandinaviska Enskilda Banken</Nm>
                </FinInstnId>
              </DbtrAgt>
            </RltdAgts>
            <RmtInf>
              <Strd>
                <RfrdDocAmt>
                  <RmtdAmt Ccy="SEK">7426.00</RmtdAmt>
                </RfrdDocAmt>
                <CdtrRefInf>
                  <Tp>
                    <CdOrPrtry>
                      <Cd>SCOR</Cd>
                    </CdOrPrtry>
                  </Tp>
                  <Ref>3174570</Ref>
                </CdtrRefInf>
              </Strd>
            </RmtInf>
          </TxDtls>
          <TxDtls>
            <Refs>
              <MsgId>CFB3ADFDE6084E859CD88C56C9627E25</MsgId>
              <AcctSvcrRef>STOESI05230614110839832217000002</AcctSvcrRef>
              <PmtInfId>1766834</PmtInfId>
              <EndToEndId>1766836,3254248</EndToEndId>
            </Refs>
            <AmtDtls>
              <TxAmt>
                <Amt Ccy="SEK">6918.00</Amt>
              </TxAmt>
            </AmtDtls>
            <RltdPties>
              <Dbtr>
                <Nm>HÖLLVIKEN LIVS AB</Nm>
              </Dbtr>
              <DbtrAcct>
                <Id>
                  <Othr>
                    <Id>53398285</Id>
                    <SchmeNm>
                      <Prtry>BGNR</Prtry>
                    </SchmeNm>
                  </Othr>
                </Id>
              </DbtrAcct>
              <Cdtr>
                <Nm>Agnesdahl AB</Nm>
              </Cdtr>
              <CdtrAcct>
                <Id>
                  <Othr>
                    <Id>53189056</Id>
                    <SchmeNm>
                      <Prtry>BGNR</Prtry>
                    </SchmeNm>
                  </Othr>
                </Id>
              </CdtrAcct>
            </RltdPties>
            <RltdAgts>
              <DbtrAgt>
                <FinInstnId>
                  <Nm>Skandinaviska Enskilda Banken</Nm>
                </FinInstnId>
              </DbtrAgt>
            </RltdAgts>
            <RmtInf>
              <Strd>
                <RfrdDocInf>
                  <Tp>
                    <CdOrPrtry>
                      <Cd>CINV</Cd>
                    </CdOrPrtry>
                  </Tp>
                  <Nb>166507830</Nb>
                </RfrdDocInf>
                <RfrdDocAmt>
                  <RmtdAmt Ccy="SEK">6918.00</RmtdAmt>
                </RfrdDocAmt>
              </Strd>
            </RmtInf>
          </TxDtls>
          <TxDtls>
            <Refs>
              <MsgId>CFB3ADFDE6084E859CD88C56C9627E25</MsgId>
              <AcctSvcrRef>STOESI05230614110839832217000003</AcctSvcrRef>
              <PmtInfId>1766834</PmtInfId>
              <EndToEndId>1766838,3254248</EndToEndId>
            </Refs>
            <AmtDtls>
              <TxAmt>
                <Amt Ccy="SEK">38550.33</Amt>
              </TxAmt>
            </AmtDtls>
            <RltdPties>
              <Dbtr>
                <Nm>HÖLLVIKEN LIVS AB</Nm>
              </Dbtr>
              <DbtrAcct>
                <Id>
                  <Othr>
                    <Id>53398285</Id>
                    <SchmeNm>
                      <Prtry>BGNR</Prtry>
                    </SchmeNm>
                  </Othr>
                </Id>
              </DbtrAcct>
              <Cdtr>
                <Nm>Johannasdotter AB</Nm>
              </Cdtr>
              <CdtrAcct>
                <Id>
                  <Othr>
                    <Id>4574034</Id>
                    <SchmeNm>
                      <Prtry>BGNR</Prtry>
                    </SchmeNm>
                  </Othr>
                </Id>
              </CdtrAcct>
            </RltdPties>
            <RltdAgts>
              <DbtrAgt>
                <FinInstnId>
                  <Nm>Skandinaviska Enskilda Banken</Nm>
                </FinInstnId>
              </DbtrAgt>
            </RltdAgts>
            <RmtInf>
              <Strd>
                <RfrdDocInf>
                  <Tp>
                    <CdOrPrtry>
                      <Cd>CINV</Cd>
                    </CdOrPrtry>
                  </Tp>
                  <Nb>3352013273</Nb>
                </RfrdDocInf>
                <RfrdDocAmt>
                  <RmtdAmt Ccy="SEK">38550.33</RmtdAmt>
                </RfrdDocAmt>
              </Strd>
            </RmtInf>
          </TxDtls>
          <TxDtls>
            <Refs>
              <MsgId>CFB3ADFDE6084E859CD88C56C9627E25</MsgId>
              <AcctSvcrRef>STOESI05230614110839832217000004</AcctSvcrRef>
              <PmtInfId>1766834</PmtInfId>
              <EndToEndId>1766843,3254248</EndToEndId>
            </Refs>
            <AmtDtls>
              <TxAmt>
                <Amt Ccy="SEK">29835.00</Amt>
              </TxAmt>
            </AmtDtls>
            <RltdPties>
              <Dbtr>
                <Nm>HÖLLVIKEN LIVS AB</Nm>
              </Dbtr>
              <DbtrAcct>
                <Id>
                  <Othr>
                    <Id>53398285</Id>
                    <SchmeNm>
                      <Prtry>BGNR</Prtry>
                    </SchmeNm>
                  </Othr>
                </Id>
              </DbtrAcct>
              <Cdtr>
                <Nm>Eriksdotter AB</Nm>
              </Cdtr>
              <CdtrAcct>
                <Id>
                  <Othr>
                    <Id>8076499</Id>
                    <SchmeNm>
                      <Prtry>BGNR</Prtry>
                    </SchmeNm>
                  </Othr>
                </Id>
              </CdtrAcct>
            </RltdPties>
            <RltdAgts>
              <DbtrAgt>
                <FinInstnId>
                  <Nm>Skandinaviska Enskilda Banken</Nm>
                </FinInstnId>
              </DbtrAgt>
            </RltdAgts>
            <RmtInf>
              <Strd>
                <RfrdDocAmt>
                  <RmtdAmt Ccy="SEK">29835.00</RmtdAmt>
                </RfrdDocAmt>
                <CdtrRefInf>
                  <Tp>
                    <CdOrPrtry>
                      <Cd>SCOR</Cd>
                    </CdOrPrtry>
                  </Tp>
                  <Ref>638401616823</Ref>
                </CdtrRefInf>
              </Strd>
            </RmtInf>
          </TxDtls>
          <TxDtls>
            <Refs>
              <MsgId>CFB3ADFDE6084E859CD88C56C9627E25</MsgId>
              <AcctSvcrRef>STOESI05230614110839832217000005</AcctSvcrRef>
              <PmtInfId>1766834</PmtInfId>
              <EndToEndId>1766858,3254248</EndToEndId>
            </Refs>
            <AmtDtls>
              <TxAmt>
                <Amt Ccy="SEK">2426.00</Amt>
              </TxAmt>
            </AmtDtls>
            <RltdPties>
              <Dbtr>
                <Nm>HÖLLVIKEN LIVS AB</Nm>
              </Dbtr>
              <DbtrAcct>
                <Id>
                  <Othr>
                    <Id>53398285</Id>
                    <SchmeNm>
                      <Prtry>BGNR</Prtry>
                    </SchmeNm>
                  </Othr>
                </Id>
              </DbtrAcct>
              <Cdtr>
                <Nm>Jimmydahl AB</Nm>
              </Cdtr>
              <CdtrAcct>
                <Id>
                  <Othr>
                    <Id>7479041</Id>
                    <SchmeNm>
                      <Prtry>BGNR</Prtry>
                    </SchmeNm>
                  </Othr>
                </Id>
              </CdtrAcct>
            </RltdPties>
            <RltdAgts>
              <DbtrAgt>
                <FinInstnId>
                  <Nm>Skandinaviska Enskilda Banken</Nm>
                </FinInstnId>
              </DbtrAgt>
            </RltdAgts>
            <RmtInf>
              <Strd>
                <RfrdDocInf>
                  <Tp>
                    <CdOrPrtry>
                      <Cd>CINV</Cd>
                    </CdOrPrtry>
                  </Tp>
                  <Nb>150736</Nb>
                </RfrdDocInf>
                <RfrdDocAmt>
                  <RmtdAmt Ccy="SEK">2426.00</RmtdAmt>
                </RfrdDocAmt>
              </Strd>
            </RmtInf>
          </TxDtls>
          <TxDtls>
            <Refs>
              <MsgId>CFB3ADFDE6084E859CD88C56C9627E25</MsgId>
              <AcctSvcrRef>STOESI05230614110839832217000006</AcctSvcrRef>
              <PmtInfId>1766834</PmtInfId>
              <EndToEndId>1766887,3254248</EndToEndId>
            </Refs>
            <AmtDtls>
              <TxAmt>
                <Amt Ccy="SEK">40215.00</Amt>
              </TxAmt>
            </AmtDtls>
            <RltdPties>
              <Dbtr>
                <Nm>HÖLLVIKEN LIVS AB</Nm>
              </Dbtr>
              <DbtrAcct>
                <Id>
                  <Othr>
                    <Id>53398285</Id>
                    <SchmeNm>
                      <Prtry>BGNR</Prtry>
                    </SchmeNm>
                  </Othr>
                </Id>
              </DbtrAcct>
              <Cdtr>
                <Nm>Almaqvist AB</Nm>
              </Cdtr>
              <CdtrAcct>
                <Id>
                  <Othr>
                    <Id>57503260</Id>
                    <SchmeNm>
                      <Prtry>BGNR</Prtry>
                    </SchmeNm>
                  </Othr>
                </Id>
              </CdtrAcct>
            </RltdPties>
            <RltdAgts>
              <DbtrAgt>
                <FinInstnId>
                  <Nm>Skandinaviska Enskilda Banken</Nm>
                </FinInstnId>
              </DbtrAgt>
            </RltdAgts>
            <RmtInf>
              <Strd>
                <RfrdDocInf>
                  <Tp>
                    <CdOrPrtry>
                      <Cd>CINV</Cd>
                    </CdOrPrtry>
                  </Tp>
                  <Nb>302643117</Nb>
                </RfrdDocInf>
                <RfrdDocAmt>
                  <RmtdAmt Ccy="SEK">47094.00</RmtdAmt>
                </RfrdDocAmt>
              </Strd>
              <Strd>
                <RfrdDocInf>
                  <Tp>
                    <CdOrPrtry>
                      <Cd>CREN</Cd>
                    </CdOrPrtry>
                  </Tp>
                  <Nb>302643406</Nb>
                </RfrdDocInf>
                <RfrdDocAmt>
                  <CdtNoteAmt Ccy="SEK">2753.00</CdtNoteAmt>
                </RfrdDocAmt>
              </Strd>
              <Strd>
                <RfrdDocInf>
                  <Tp>
                    <CdOrPrtry>
                      <Cd>CREN</Cd>
                    </CdOrPrtry>
                  </Tp>
                  <Nb>302643407</Nb>
                </RfrdDocInf>
                <RfrdDocAmt>
                  <CdtNoteAmt Ccy="SEK">1250.00</CdtNoteAmt>
                </RfrdDocAmt>
              </Strd>
              <Strd>
                <RfrdDocInf>
                  <Tp>
                    <CdOrPrtry>
                      <Cd>CREN</Cd>
                    </CdOrPrtry>
                  </Tp>
                  <Nb>302643734</Nb>
                </RfrdDocInf>
                <RfrdDocAmt>
                  <CdtNoteAmt Ccy="SEK">946.00</CdtNoteAmt>
                </RfrdDocAmt>
              </Strd>
              <Strd>
                <RfrdDocInf>
                  <Tp>
                    <CdOrPrtry>
                      <Cd>CREN</Cd>
                    </CdOrPrtry>
                  </Tp>
                  <Nb>302643736</Nb>
                </RfrdDocInf>
                <RfrdDocAmt>
                  <CdtNoteAmt Ccy="SEK">1930.00</CdtNoteAmt>
                </RfrdDocAmt>
              </Strd>
            </RmtInf>
          </TxDtls>
          <TxDtls>
            <Refs>
              <MsgId>CFB3ADFDE6084E859CD88C56C9627E25</MsgId>
              <AcctSvcrRef>STOESI05230614110839832217000007</AcctSvcrRef>
              <PmtInfId>1766834</PmtInfId>
              <EndToEndId>1766908,3254248</EndToEndId>
            </Refs>
            <AmtDtls>
              <TxAmt>
                <Amt Ccy="SEK">227978.00</Amt>
              </TxAmt>
            </AmtDtls>
            <RltdPties>
              <Dbtr>
                <Nm>HÖLLVIKEN LIVS AB</Nm>
              </Dbtr>
              <DbtrAcct>
                <Id>
                  <Othr>
                    <Id>53398285</Id>
                    <SchmeNm>
                      <Prtry>BGNR</Prtry>
                    </SchmeNm>
                  </Othr>
                </Id>
              </DbtrAcct>
              <Cdtr>
                <Nm>Magnusqvist AB</Nm>
              </Cdtr>
              <CdtrAcct>
                <Id>
                  <Othr>
                    <Id>9530866</Id>
                    <SchmeNm>
                      <Prtry>BGNR</Prtry>
                    </SchmeNm>
                  </Othr>
                </Id>
              </CdtrAcct>
            </RltdPties>
            <RltdAgts>
              <DbtrAgt>
                <FinInstnId>
                  <Nm>Skandinaviska Enskilda Banken</Nm>
                </FinInstnId>
              </DbtrAgt>
            </RltdAgts>
            <RmtInf>
              <Strd>
                <RfrdDocInf>
                  <Tp>
                    <CdOrPrtry>
                      <Cd>CINV</Cd>
                    </CdOrPrtry>
                  </Tp>
                  <Nb>123070247</Nb>
                </RfrdDocInf>
                <RfrdDocAmt>
                  <RmtdAmt Ccy="SEK">2150.00</RmtdAmt>
                </RfrdDocAmt>
              </Strd>
              <Strd>
                <RfrdDocInf>
                  <Tp>
                    <CdOrPrtry>
                      <Cd>CINV</Cd>
                    </CdOrPrtry>
                  </Tp>
                  <Nb>123069156</Nb>
                </RfrdDocInf>
                <RfrdDocAmt>
                  <RmtdAmt Ccy="SEK">228551.00</RmtdAmt>
                </RfrdDocAmt>
              </Strd>
              <Strd>
                <RfrdDocInf>
                  <Tp>
                    <CdOrPrtry>
                      <Cd>CREN</Cd>
                    </CdOrPrtry>
                  </Tp>
                  <Nb>123802788</Nb>
                </RfrdDocInf>
                <RfrdDocAmt>
                  <CdtNoteAmt Ccy="SEK">2723.00</CdtNoteAmt>
                </RfrdDocAmt>
              </Strd>
            </RmtInf>
          </TxDtls>
        </NtryDtls>
      </Ntry>
    </Ntfctn>
  </BkToCstmrDbtCdtNtfctn>
</Document>